<record><leader>00000cas a22000007a 4500</leader><controlfield tag="001">15143974</controlfield><controlfield tag="008">870203d18571uuupauwr ne      0    0eng d</controlfield><datafield ind1=" " ind2=" " tag="010"><subfield code="a">sn 87052098 </subfield></datafield><datafield ind1=" " ind2=" " tag="040"><subfield code="a">NPX</subfield><subfield code="b">eng</subfield><subfield code="c">NPX</subfield><subfield code="d">OCLCQ</subfield></datafield><datafield ind1=" " ind2=" " tag="042"><subfield code="a">msc</subfield></datafield><datafield ind1="0" ind2=" " tag="130"><subfield code="a">Philadelphia weekly times (Philadelphia, Pa. : 1857)</subfield></datafield><datafield ind1="1" ind2="0" tag="245"><subfield code="a">Philadelphia weekly times.</subfield></datafield><datafield ind1=" " ind2=" " tag="260"><subfield code="a">Philadelphia :</subfield><subfield code="b">[s.n.],</subfield><subfield code="c">1857-</subfield></datafield><datafield ind1=" " ind2=" " tag="300"><subfield code="a">v. :</subfield><subfield code="b">ill.</subfield></datafield><datafield ind1=" " ind2=" " tag="310"><subfield code="a">Weekly</subfield></datafield><datafield ind1="0" ind2=" " tag="362"><subfield code="a">Vol. 1, no. 1 (May 16, 1857)-</subfield></datafield><datafield ind1=" " ind2=" " tag="752"><subfield code="a">United States</subfield><subfield code="b">Pennsylvania</subfield><subfield code="c">Philadelphia</subfield><subfield code="d">Philadelphia.</subfield></datafield></record>